<?xml version="1.0" encoding="UTF-8"?>
<collection xmlns:xsi="http://www.w3.org/2001/XMLSchema-instance" xsi:schemaLocation="http://www.loc.gov/MARC21/slim http://www.loc.gov/standards/marcxml/schema/MARC21slim.xsd" xmlns="http://www.loc.gov/MARC21/slim">
<record>
  <leader>00659mam a22002051a 4500</leader>
  <controlfield tag="001">3353611</controlfield>
  <controlfield tag="003">NNC</controlfield>
  <controlfield tag="005">20050119113108.0</controlfield>
  <controlfield tag="008">851003s1965    iq c          000 0 ara  </controlfield>
  <datafield tag="010" ind1=" " ind2=" ">
    <subfield code="a">   79232288 </subfield>
  </datafield>
  <datafield tag="035" ind1=" " ind2=" ">
    <subfield code="a">(OCoLC)ocm43517459</subfield>
  </datafield>
  <datafield tag="035" ind1=" " ind2=" ">
    <subfield code="9">AVB0994CU</subfield>
  </datafield>
  <datafield tag="035" ind1=" " ind2=" ">
    <subfield code="a">(NNC)3353611</subfield>
  </datafield>
  <datafield tag="040" ind1=" " ind2=" ">
    <subfield code="a">DLC</subfield>
    <subfield code="c">EQO</subfield>
    <subfield code="d">OCLCQ</subfield>
  </datafield>
  <datafield tag="110" ind1="1" ind2=" ">
    <subfield code="a">Iraq.</subfield>
    <subfield code="t">Qānun raqm 30 li-sanat 1958.</subfield>
  </datafield>
  <datafield tag="245" ind1="1" ind2="0">
    <subfield code="a">Qawānīn al-iṣlāh al-zirāʻī :</subfield>
    <subfield code="b">qanūn al-iṣlāḥ al-zirāʻī raqm 30 li-sanat 1958....</subfield>
  </datafield>
  <datafield tag="260" ind1=" " ind2=" ">
    <subfield code="a">Baghdād :</subfield>
    <subfield code="b">Maṭbaʻat al-ʻĀnī,</subfield>
    <subfield code="c">1965.</subfield>
  </datafield>
  <datafield tag="300" ind1=" " ind2=" ">
    <subfield code="a">584 p. :</subfield>
    <subfield code="b">port. ;</subfield>
    <subfield code="c">25 cm.</subfield>
  </datafield>
  <datafield tag="650" ind1=" " ind2="0">
    <subfield code="a">Land tenure</subfield>
    <subfield code="x">Law and legislation</subfield>
    <subfield code="z">Iraq.</subfield>
  </datafield>
  <datafield tag="955" ind1=" " ind2=" ">
    <subfield code="b">CU56813260</subfield>
    <subfield code="d">off,glx</subfield>
    <subfield code="e">956 Ir19</subfield>
  </datafield>
</record>
</collection>